<?xml version="1.0" encoding="UTF-8"?><collection xmlns="http://www.loc.gov/MARC21/slim"><record><leader>00275nam--2200121-i-4500</leader><controlfield tag="001">000024884</controlfield><controlfield tag="002">20161230</controlfield><controlfield tag="005">20161230201035</controlfield><controlfield tag="008">060222s1000------------r-----000-0-eng-d</controlfield><datafield ind1=" " ind2=" " tag="100"><subfield code="a">Antonin Svoboda</subfield></datafield><datafield ind1=" " ind2=" " tag="245"><subfield code="a">Computing mechanisms and linkages</subfield></datafield><datafield ind1=" " ind2=" " tag="700"><subfield code="a">H.James</subfield></datafield><datafield ind1=" " ind2=" " tag="852"><subfield code="a">893</subfield></datafield></record></collection>